@incollection{arrhenius_2017,
	edition = {Spring 2017},
	title = {The {Repugnant} {Conclusion}},
	url = {https://plato.stanford.edu/archives/spr2017/entries/repugnant-conclusion/},
	urldate = {2019-08-30},
	booktitle = {The {Stanford} {Encyclopedia} of {Philosophy}},
	publisher = {Metaphysics Research Lab, Stanford University},
	author = {Arrhenius, Gustaf and Ryberg, Jesper and Tännsjö, Torbjörn},
	editor = {Zalta, Edward N.},
	year = {2017}
}

@book{broome_2004,
	address = {New York},
	title = {Weighing lives},
	publisher = {Oxford University Press},
	author = {Broome, John},
	year = {2004}
}

@article{broome_2005,
	title = {Should we value population?},
	volume = {13},
	language = {en},
	number = {4},
	journal = {Journal of Political Philosophy},
	author = {Broome, John},
	year = {2005},
	pages = {399--413}
}

@book{broome_2012,
	title = {Climate matters: {Ethics} in a warming world ({Norton} global ethics series)},
	isbn = {0-393-08409-4},
	publisher = {WW Norton and Company},
	author = {Broome, John},
	year = {2012}
}

@article{ceriani_2012,
	title = {The origins of the {Gini} index: extracts from {Variabilità} e {Mutabilità} (1912) by {Corrado} {Gini}},
	volume = {10},
	number = {3},
	journal = {The Journal of Economic Inequality},
	author = {Ceriani, Lidia and Verme, Paolo},
	year = {2012},
	pages = {421--443}
}

@incollection{crisp_2017,
	edition = {Fall 2017},
	title = {Well-{Being}},
	url = {https://plato.stanford.edu/archives/fall2017/entries/well-being/},
	urldate = {2019-12-25},
	booktitle = {The {Stanford} {Encyclopedia} of {Philosophy}},
	publisher = {Metaphysics Research Lab, Stanford University},
	author = {Crisp, Roger},
	editor = {Zalta, Edward N.},
	year = {2017}
}

@incollection{gowans_2019,
	edition = {Summer 2019},
	title = {Moral {Relativism}},
	url = {https://plato.stanford.edu/archives/sum2019/entries/moral-relativism/},
	urldate = {2019-12-26},
	booktitle = {The {Stanford} {Encyclopedia} of {Philosophy}},
	publisher = {Metaphysics Research Lab, Stanford University},
	author = {Gowans, Chris},
	editor = {Zalta, Edward N.},
	year = {2019}
}

@article{harsanyi_1955,
	title = {Cardinal welfare, individualistic ethics, and interpersonal comparisons of utility},
	volume = {63},
	number = {4},
	journal = {Journal of political economy},
	author = {Harsanyi, John C.},
	year = {1955},
	pages = {309--321}
}

@incollection{joyce_2016,
	edition = {Winter 2016},
	title = {Moral {Anti}-{Realism}},
	url = {https://plato.stanford.edu/archives/win2016/entries/moral-anti-realism/},
	urldate = {2019-12-26},
	booktitle = {The {Stanford} {Encyclopedia} of {Philosophy}},
	publisher = {Metaphysics Research Lab, Stanford University},
	author = {Joyce, Richard},
	editor = {Zalta, Edward N.},
	year = {2016}
}

@misc{lange_2019,
	title = {Definition of economics},
	language = {en},
	author = {Lange, Lukas},
	month = aug,
	year = {2019}
}

@incollection{list_2013,
	edition = {Winter 2013},
	title = {Social {Choice} {Theory}},
	url = {https://plato.stanford.edu/archives/win2013/entries/social-choice/},
	urldate = {2019-12-26},
	booktitle = {The {Stanford} {Encyclopedia} of {Philosophy}},
	publisher = {Metaphysics Research Lab, Stanford University},
	author = {List, Christian},
	editor = {Zalta, Edward N.},
	year = {2013}
}

@book{mackie_1990,
	title = {Ethics: {Inventing} right and wrong},
	isbn = {0-14-013558-8},
	publisher = {Penguin UK},
	author = {Mackie, John},
	year = {1990}
}

@incollection{mill_2016,
  title={Utilitarianism},
  author={Mill, John Stuart},
  booktitle={Seven masterpieces of philosophy},
  pages={337--383},
  year={2016},
  publisher={Routledge}
}

@book{myrdal_2017,
  title={The political element in the development of economic theory},
  author={Myrdal, Gunnar},
  year={2017},
  publisher={Routledge}
}

@misc{osborne_1997,
	title = {Pareto efficiency},
	url = {https://www.economics.utoronto.ca/osborne/2x3/tutorial/PE.HTM},
	urldate = {2019-08-27},
	author = {Osborne, Martin J.},
	year = {1997}
}

@unpublished{pomerenke_2017,
	address = {Konstanz},
	type = {Hausarbeit},
	title = {Nach welchen {Prinzipien} sollte der {Staat} die {Verteilung} von {Gütern} gestalten? {Eine} systematische {Darstellung} der {Diskussion} zwischen {John} {Rawls} und {John} {Harsanyi}},
	url = {https://philarchive.org/archive/POMNWPv1},
	language = {de},
	author = {Pomerenke, David},
	year = {2017}
}

@book{rawls_2005,
	address = {Cambridge, Massachusetts},
	edition = {Original ed},
	title = {A theory of justice},
	isbn = {978-0-674-01772-6},
	language = {en},
	publisher = {Belknap Press},
	author = {Rawls, John},
	year = {2005}
}

@book{rawls_2001,
	address = {Cambridge, Mass},
	title = {Justice as fairness: a restatement},
	isbn = {978-0-674-00510-5 978-0-674-00511-2},
	shorttitle = {Justice as fairness},
	language = {en},
	publisher = {Harvard University Press},
	author = {Rawls, John and Kelly, Erin},
	year = {2001}
}

@incollection{runge_2007,
	title = {Messunsicherheitsanalyse},
	url = {https://ap.physik.uni-konstanz.de/index.php?Itemid=19},
	booktitle = {Physikalisches {Anfängerpraktikum}. {Skript}},
	publisher = {Universität Kontanz},
	author = {Runge, Bernd-Uwe},
	year = {2007}
}

@book{samuelson_2010,
	address = {Boston},
	edition = {19th ed},
	series = {The {McGraw}-{Hill} series economics},
	title = {Economics},
	isbn = {978-0-07-351129-0},
	language = {en},
	publisher = {McGraw-Hill Irwin},
	author = {Samuelson, Paul A. and Nordhaus, William D.},
	year = {2010}
}

@book{sen_1997,
	title = {On {Economic} {Inequality}},
	isbn = {978-0-19-828193-1},
	language = {en},
	publisher = {Clarendon Press},
	author = {Sen, Amartya and Foster, James Eric},
	year = {1997}
}

@book{stemmer_2000,
	address = {Berlin ; New York},
	title = {Handeln zugunsten anderer: eine moralphilosophische {Untersuchung}},
	isbn = {978-3-11-016966-9},
	shorttitle = {Handeln zugunsten anderer},
	language = {de},
	publisher = {W. de Gruyter},
	author = {Stemmer, Peter},
	year = {2000}
}

@incollection{stemmer_2013,
	address = {Berlin, Boston},
	title = {Warum moralischer {Kontraktualismus}?},
	isbn = {978-3-11-030422-0},
	url = {https://www.degruyter.com/view/books/9783110304220/9783110304220.166/9783110304220.166.xml},
	urldate = {2019-08-31},
	booktitle = {Begründen, {Rechtfertigen} und das {UnterdrückungsverbotStudien} zu {Moral} und {Normativität}},
	publisher = {De Gruyter},
	author = {Stemmer, Peter},
	year = {2013}
}

@misc{westacott_2019,
	title = {Moral {Relativism} {\textbar} {Internet} {Encyclopedia} of {Philosophy}},
	author = {Emrys Westacott},
	url = {https://www.iep.utm.edu/moral-re/#SH2e},
	urldate = {2019-12-26},
	year = {2019},
	file = {Moral Relativism | Internet Encyclopedia of Philosophy:/home/davidp/Zotero/storage/GUYB49RZ/moral-re.html:text/html}
}

@incollection{wilson_2016,
	edition = {Winter 2016},
	title = {Action},
	url = {https://plato.stanford.edu/archives/win2016/entries/action/},
	urldate = {2019-12-26},
	booktitle = {The {Stanford} {Encyclopedia} of {Philosophy}},
	publisher = {Metaphysics Research Lab, Stanford University},
	author = {Wilson, George and Shpall, Samuel},
	editor = {Zalta, Edward N.},
	year = {2016}
}